<collection xmlns="http://www.loc.gov/MARC21/slim">
<record>
  <leader>00855ncm0a22002051i 450 </leader>
  <controlfield tag="001">IT\ICCU\CNCE\061592</controlfield>
  <controlfield tag="005">20101007000000.0</controlfield>
  <datafield tag="100" ind1=" " ind2=" ">
    <subfield code="a">20051003d1564        0itac0103    ba</subfield>
  </datafield>
  <datafield tag="101" ind1=" " ind2=" ">
    <subfield code="a">ITA</subfield>
  </datafield>
  <datafield tag="102" ind1=" " ind2=" ">
    <subfield code="a">IT</subfield>
  </datafield>
  <datafield tag="200" ind1="1" ind2=" ">
    <subfield code="a">℗Il ℗primo libro delli soi madrigali a cinque voci nouamente da lui composto et dato in luce. Con sei madrigali spirituali, et un dialogo a sei voci</subfield>
  </datafield>
  <datafield tag="210" ind1=" " ind2=" ">
    <subfield code="a">In Roma</subfield>
    <subfield code="c">per Valerio Dorico</subfield>
    <subfield code="d">1564</subfield>
  </datafield>
  <datafield tag="620" ind1=" " ind2=" ">
    <subfield code="a">IT</subfield>
    <subfield code="d">Roma</subfield>
  </datafield>
  <datafield tag="700" ind1=" " ind2="1">
    <subfield code="a">Tudino,</subfield>
    <subfield code="b">Cesare</subfield>
    <subfield code="3">IT\ICCU\CNCA\012062</subfield>
  </datafield>
  <datafield tag="712" ind1="0" ind2="0">
    <subfield code="a">Dorico, Valerio</subfield>
    <subfield code="3">IT\ICCU\CNCT\001061</subfield>
    <subfield code="4">650</subfield>
  </datafield>
  <datafield tag="790" ind1=" " ind2="1">
    <subfield code="a">Todino,</subfield>
    <subfield code="b">Cesare</subfield>
    <subfield code="3">IT\ICCU\CNCA\012063</subfield>
    <subfield code="z">Tudino, Cesare</subfield>
  </datafield>
  <datafield tag="791" ind1="0" ind2="0">
    <subfield code="a">Dorichus, Valerius</subfield>
    <subfield code="3">IT\ICCU\CNCT\004721</subfield>
    <subfield code="z">Dorico, Valerio</subfield>
  </datafield>
  <datafield tag="791" ind1="0" ind2="0">
    <subfield code="a">Doricus, Valerius</subfield>
    <subfield code="3">IT\ICCU\CNCT\004723</subfield>
    <subfield code="z">Dorico, Valerio</subfield>
  </datafield>
  <datafield tag="791" ind1="0" ind2="0">
    <subfield code="a">Oricus, Valerius d&apos;</subfield>
    <subfield code="3">IT\ICCU\CNCT\004726</subfield>
    <subfield code="z">Dorico, Valerio</subfield>
  </datafield>
  <datafield tag="801" ind1=" " ind2="3">
    <subfield code="a">IT</subfield>
    <subfield code="b">ICCU</subfield>
    <subfield code="c">20201115</subfield>
  </datafield>
</record>
</collection>
